@Misc{estrada-solano_2018:github,
    title = {Template of Thesis Proposal for FIET Unicauca},
    author = {Estrada-Solano, Felipe},
    month = {June},
    year = {2018},
    note = {[Online]. Available: \url{https://github.com/festradasolano/template-thesis\_proposal-fiet\_unicauca}. [Accessed: 30-Jun-2018]},
    url = {https://github.com/festradasolano/template-thesis\_proposal-fiet\_unicauca},
    urldate = {2018-06-30},
	organization = {GitHub}
}

@Misc{fiet_2011:guide_thesis_proposal,
    title = {Guia para la elaboracion de anteproyecto de tesis de maestria y doctorado},
    author = {{FIET Research Committee}},
    month = {June},
    year = {2011},
    note = {[Online]. Available: \url{http://web.unicauca.edu.co/telematica/sites/files/Guia\_Anteproyecto.pdf}. [Accessed: 19-Feb-2018]},
    url = {http://web.unicauca.edu.co/telematica/sites/files/Guia\_Anteproyecto.pdf},
    urldate = {2018-06-02},
	organization = {University of Cauca},
}

@TechReport{kitchenham_2007:systematic_review,
	type = {Technical report},
	title = {Guidelines for performing Systematic Literature Reviews in Software Engineering},
	url = {http://citeseerx.ist.psu.edu/viewdoc/summary?doi=10.1.1.117.471},
	number = {EBSE-2007-01, version 2.3},
	institution = {Evidence-Based Software Engineering ({EBSE}) Project},
	author = {Kitchenham, Barbara and Charters, Stuart},
	month = {July},
	year = {2007},
}